@book{Shu,
  title={奥赛物理题选},
  author={舒幼生},
  year={2013},
  publisher={北京大学出版社}
}
@book{Zhao,
  title={新概念物理教程·电磁学},
  author={赵凯华、陈熙谋},
  year={2003},
  publisher={高等教育出版社}
}
@book{Liu,
  title={理论力学},
  author={刘川},
  year={2019},
  publisher={北京大学出版社}
}
@book{Wu,
  title={流体力学（上册）},
  author={吴望一},
  year={1982},
  publisher={北京大学出版社}
}
@book{Jackson,
  title={Classical electrodynamics},
  author={Jackson, John David},
  year={2007},
  publisher={John Wiley \& Sons}
}